% !TEX root = sga4.5.tex


@book{ar62,
  author    = {Artin, Michael},
  title     = {Grothendieck topologies},
  publisher = {Harvard University Dept. Math.},
  year      = {1962},
}

@article{bfm75,
  author   = {Baum, Paul and Fulton, William and MacPherson, Robert},
  title    = {Riemann-{R}och for singular varieties},
  journal  = {Inst. Hautes \'Etudes Sci. Publ. Math.},
  number   = {45},
  year     = {75},
  pages    = {101--145}
}

@article{ba76,
  author  = {Bass, Hyman},
  title   = {Euler characteristics and characters of discrete groups},
  journal = {Invent. Math.},
  volume  = {35},
  year    = {1976},
  pages   = {155--196},
}

@article{bo66,
  author  = {Bombieri, Enrico},
  title   = {On exponential sums in finite fields},
  journal = {Amer. J. Math.},
  volume  = {88},
  year    = {1966},
  pages   = {71--105}
}

@book{bo05,
  author    = {Bourbaki, Nicolas},
  title     = {Lie groups and {L}ie algebras. {C}hapters 7--9},
  series    = {Elements of mathematics},
  note      = {Translated from the 1975 and 1982 French originals by Andrew Pressley},
  publisher = {Springer-Verlag},
  address   = {Berlin},
  year      = {2005}
}

@article{ca69-2,
  author  = {Carlitz, L.},
  title   = {A note on exponential sums},
  journal = {Pacific J. Math.},
  volume  = {30},
  year    = {1969},
  pages   = {35--37}
}

@article{ca69,
  author  = {Carlitz, L.},
  title   = {Kloosterman sums and finite field extensions},
  journal = {Acta Arith.},
  volume  = {16},
  year    = {1969/1970},
  pages   = {179--193}
}

@incollection{de71-1,
  author    = {Deligne, Pierre},
  title     = {Th\'eorie de {H}odge. {I}},
  booktitle = {Actes du {C}ongr\`es {I}nternational des {M}ath\'ematiciens ({N}ice, 1970), {T}ome 1},
  pages     = {425--430},
  publisher = {Gauthier-Villars},
  address   = {Paris},
  year      = {1971}
}

@article{de71-2,
  author  = {Deligne, Pierre},
  title   = {Th\'eorie de {H}odge. {II}},
  journal = {Inst. Hautes \'Etudes Sci. Publ. Math.},
  number  = {40},
  year    = {1971},
  pages   = {5--57}
}

@incollection{de73,
  author    = {Deligne, Pierre},
  title     = {Les constantes des \'equations fonctionnelles des fonctions {$L$}},
  booktitle = {Modular functions of one variable, {II} ({P}roc. {I}nternat. {S}ummer {S}chool, {U}niv. {A}ntwerp, {A}ntwerp, 1972)},
  pages     = {501--597. Lecture Notes in Math., Vol. 349},
  publisher = {Springer},
  address   = {Berlin},
  year      = {1973}
}

@article{de74,
  author  = {Deligne, Pierre},
  title   = {La conjecture de {W}eil. {I}},
  journal = {Inst. Hautes \'Etudes Sci. Publ. Math.},
  number  = {43},
  year    = {1974},
  pages   = {273--307}
}

@article{dl76,
  author  = {Deligne, P. and Lusztig, G.},
  title   = {Representations of reductive groups over finite fields},
  journal = {Ann. of Math. (2)},
  volume  = {103},
  year    = {1976},
  number  = {1},
  pages   = {103--161}
}

@article{de80,
  author  = {Deligne, Pierre},
  title   = {La conjecture de {W}eil. {II}},
  journal = {Inst. Hautes \'Etudes Sci. Publ. Math.},
  number  = {52},
  year    = {1980},
  pages   = {137--252}
}

@article{do61,
  author  = {Dold, Albrecht and Puppe, Dieter},
  title   = {Homologie nicht-additiver {F}unktoren. {A}nwendungen},
  journal = {Ann. Inst. Fourier Grenoble},
  volume  = {11},
  year    = {1961},
  pages   = {201--312},
}

@book{ega,
  shorthand = {EGA},
     AUTHOR = {Grothendieck, Alexandre},
      TITLE = {\'{E}l\'ements de g\'eom\'etrie alg\'ebrique},
  PUBLISHER = {Inst. Hautes \'Etudes Sci. Publ. Math.},
       YEAR = {1960-67},
}

@book{gz67,
  author    = {Gabriel, P. and Zisman, M.},
  title     = {Calculus of fractions and homotopy theory},
  series    = {Ergebnisse der Mathematik und ihrer Grenzgebiete},
  volume    = {35},
  publisher = {Springer-Verlag},
  address   = {New York},
  year      = {1967}
}

@incollection{gi64,
      AUTHOR = {Giraud, Jean},
       TITLE = {Analysis situs},
   BOOKTITLE = {S\'eminaire {B}ourbaki, 1962/63. {F}asc. 3, {N}o. 256},
       PAGES = {11},
   PUBLISHER = {Secr\'etariat math\'ematique},
     ADDRESS = {Paris},
        YEAR = {1964},
}

@incollection{gr95,
  author    = {Grothendieck, Alexandre},
  title     = {Formule de {L}efschetz et rationalit\'e des fonctions {$L$}},
  booktitle = {S\'eminaire {B}ourbaki, {V}ol.\ 9},
  pages     = {Exp.\ No.\ 279, 41--55},
  publisher = {Soc. Math. France},
  address   = {Paris},
  year      = {1995}
}

@article{ka77,
  author   = {Kazhdan, D.},
  title    = {Proof of {S}pringer's hypothesis},
  journal  = {Israel J. Math.},
  volume   = {28},
  year     = {1977},
  number   = {4},
  pages    = {272--286}
}

@book{la83,
     AUTHOR = {Lang, Serge},
      TITLE = {Abelian varieties},
       NOTE = {Reprint of the 1959 original},
  PUBLISHER = {Springer-Verlag},
    ADDRESS = {New York},
       YEAR = {1983},
      PAGES = {xii+256},
}

@article{lu76,
  author   = {Lusztig, G.},
  title    = {Coxeter orbits and eigenspaces of {F}robenius},
  journal  = {Invent. Math.},
  volume   = {38},
  year     = {1976/77},
  number   = {2},
  pages    = {101--159}
}

@inproceedings{mo73,
  author    = {Mordell, L. J.},
  title     = {Some exponential sums},
  booktitle = {Proceedings of the {I}nternational {C}onference on {N}umber {T}heory ({M}oscow, 1971)},
  journal   = {Trudy Mat. Inst. Steklov.},
  volume    = {132},
  year      = {1973},
  pages     = {30--34, 264}
}

@book{ra70,
  author    = {Raynaud, Michel},
  title     = {Anneaux locaux hens\'eliens},
  series    = {Lecture Notes in Mathematics, Vol. 169},
  publisher = {Springer-Verlag},
  address   = {Berlin},
  year      = {1970},
  pages     = {v+129},
}

@incollection{sc72,
  author    = {Schiffmann, G\'erard},
  title     = {Th\'eorie \'el\'ementaire des cat\'egories},
  year      = {1972},
  booktitle = {S\'eminaire Banach},
  volume    = {277},
  series    = {Lecture Notes in Mathematics},
  editor    = {Houzel, C.},
  publisher = {Springer},
  address   = {Berlin},
  pages     = {1--33}
}

@article{se55,
  shorthand = {GAGA},
  author    = {Serre, Jean-Pierre},
  title     = {G\'eom\'etrie alg\'ebrique et g\'eom\'etrie analytique},
  journal   = {Ann. Inst. Fourier, Grenoble},
  volume    = {6},
  year      = {1955--1956},
  pages     = {1--42},
}

@book{se59,
    AUTHOR = {Serre, Jean-Pierre},
     TITLE = {Groupes alg\'ebriques et corps de classes},
 PUBLISHER = {Publications de l'institut de math\'ematique de l'universit\'e
              de Nancago, VII. Hermann, Paris},
      YEAR = {1959},
     PAGES = {202},
}

@book{se68,
  author    = {Serre, Jean-Pierre},
  title     = {Abelian {$\ell$}-adic representations and elliptic curves},
  series    = {McGill University lecture notes},
  publisher = {W. A. Benjamin, Inc.},
  year      = {1968},
  address   = {New York-Amsterdam}
}

@book{se94,
    AUTHOR = {Serre, Jean-Pierre},
     TITLE = {Cohomologie galoisienne},
    SERIES = {Lecture Notes in Mathematics},
    VOLUME = {5},
   EDITION = {Fifth},
 PUBLISHER = {Springer-Verlag},
   ADDRESS = {Berlin},
      YEAR = {1994},
}

@article{sp77,
  author   = {Sperber, S.},
  title    = {{$p$}-adic hypergeometric functions and their cohomology},
  journal  = {Duke Math. J.},
  volume   = {44},
  year     = {1977},
  number   = {3},
  pages    = {535--589}
}

@article{sp76,
  author   = {Springer, T. A.},
  title    = {Trigonometric sums, {G}reen functions of finite groups and representations of {W}eyl groups},
  journal  = {Invent. Math.},
  volume   = {36},
  year     = {1976},
  pages    = {173--207}
}

@book{sga1,
  shorthand = {{SGA} 1},
  author    = {Grothendieck, Alexandre and Raynaud, Michele},
  title     = {Rev\^etements \'etales et groupe fondamentale ({SGA 1})},
  publisher = {Springer},
  series    = {Lecture Notes in Mathematics},
  volume    = {224},
  year      = {1971},
  pagination={none}
}

@book{sga2,
  shorthand = {{SGA} 2},
  author    = {Grothendieck, Alexandre and Raynaud, Michele},
  title     = {Cohomologie locale des faisceaux coh\'erents et th\'eor\`emes de {L}efschetz locaux et globaux ({SGA 2})},
  series    = {Documents Math\'ematiques (Paris), 4},
  note      = {S{\'e}minaire de G{\'e}om{\'e}trie Alg{\'e}brique du Bois Marie, 1962, Augment{\'e} d'un expos{\'e} de Mich{\`e}le Raynaud, With a preface and edited by Yves Laszlo, Revised reprint of the 1968 French original},
  publisher = {Soci\'et\'e Math\'ematique de France},
  address   = {Paris},
  year      = {2005},
  pagination={none}
}

@book{sga4,
  shorthand = {{SGA} 4},
  author    = {Artin, Michael and Grothendieck, Alexandre and Verdier, Jean-Louis},
  title     = {Th\'eorie des topos et cohomologie \'etale des sch\'emas ({SGA 4})},
  publisher = {Springer},
  series    = {Lecture Notes in Mathematics},
  volume    = {269, 270, 305},
  year      = {1972},
  pagination={none}
}

@book{sga5,
  shorthand = {{SGA} 5},
  author    = {Grothendieck, Alexandre},
  title     = {Cohomologie {$\ell$}-adique et fonctions {$L$} ({SGA 5})},
  publisher = {Springer},
  series    = {Lecture Notes in Mathematics},
  volume    = {589},
  year      = {1965-66},
  pagination={none}
}

@book{sga6,
  shorthand = {{SGA} 6},
  author    = {Berthelot, Pierre and Grothendieck, Alexandre and Illusie, Luc},
  title     = {Th\'eorie des intersections et th\'eor\`eme de {R}iemann-{R}och ({SGA} 6)},
  publisher = {Springer-Verlag},
  series    = {Lectures Notes in Mathematics},
  volume    = {225},
  year      = {1971},
  pagination={none}
}

@book{sga7,
  shorthand  = {{SGA} 7},
  author     = {Deligne, Pierre and Grothendieck, Alexandre and Katz, Nicholas},
  title      = {Groupes de monodromie en g\'eom\'etrie alg\'ebrique ({SGA 7})},
  publisher  = {Springer},
  series     = {Lecture Notes in Mathematics},
  volume     = {288, 340},
  year       = {1972-73},
  pagination = {none}
}

@incollection{ra65,
  author    = {Raynaud, Michel},
  title     = {Caract\'eristique d'{E}uler-{P}oincar\'e d'une faisceau et cohomologie des vari\'et\'es ab\'eliennes},
  booktitle = {S\'eminaire {B}ourbaki. {V}ol.\ 9},
  pages     = {129--147},
  volume    = {Exp.\ No.\ 286},
  publisher = {Soc. Math. France},
  address   = {Paris},
  year      = {1965}
}

@article{se61,
  author   = {Serre, Jean-Pierre},
  title    = {Sur les corps locaux \`a corps r\'esiduel alg\'ebriquement clos},
  journal  = {Bull. Soc. Math. France},
  volume   = {89},
  year     = {1961},
  pages    = {105--154}
}

@article{sm70,
  author   = {Smith, R. A.},
  title    = {The distribution of rational points on hypersurfaces defined over a finite field},
  journal  = {Mathematika},
  volume   = {17},
  year     = {1970},
  pages    = {328--332}
}

@incollection{ve67,
    AUTHOR = {Verdier, Jean-Louis},
     TITLE = {The {L}efschetz fixed point formula in etale cohomology},
 BOOKTITLE = {Proc. {C}onf. {L}ocal {F}ields ({D}riebergen, 1966)},
     PAGES = {199--214},
 PUBLISHER = {Springer},
   ADDRESS = {Berlin},
      YEAR = {1967},
}

@book{we48,
    AUTHOR = {Weil, Andr{\'e}},
     TITLE = {Vari\'et\'es ab\'eliennes et courbes alg\'ebriques},
    SERIES = {Actualit\'es Sci. Ind., no. 1064 = Publ. Inst. Math. Univ.
              Strasbourg 8 (1946)},
 PUBLISHER = {Hermann \& Cie., Paris},
      YEAR = {1948},
     PAGES = {165},
}

@article{we52,
  author   = {Weil, Andr{\'e}},
  title    = {Jacobi sums as ``{G}r\"ossencharaktere''},
  journal  = {Trans. Amer. Math. Soc.},
  volume   = {73},
  year     = {1952},
  pages    = {487--495}
}

@book{we74,
  author    = {Weil, Andr{\'e}},
  title     = {Basic number theory},
  edition   = {Third},
  note      = {Die Grundlehren der Mathematischen Wissenschaften, Band 144},
  publisher = {1974},
  address   = {New York},
  year      = {1974}
}

@article{we74-2,
  author   = {Weil, Andr{\'e}},
  title    = {Sommes de {J}acobi et caract\`eres de {H}ecke},
  journal  = {Nachr. Akad. Wiss. G\"ottingen Math.-Phys. Kl. II},
  year     = {1974},
  number   = {1},
  pages    = {1--14}
}

